<?xml version="1.0" encoding="UTF-8"?><record xmlns="http://www.loc.gov/MARC21/slim" xmlns:cinclude="http://apache.org/cocoon/include/1.0" xmlns:zs="http://www.loc.gov/zing/srw/">
  <leader>00500nz  a2200133n  4500</leader>
  <controlfield tag="001">no 90024980 </controlfield>
  <controlfield tag="003">DLC</controlfield>
  <controlfield tag="005">19901119094619.8</controlfield>
  <controlfield tag="008">901119n| acannaab|          |n aaa     c</controlfield>
  <datafield tag="010" ind1=" " ind2=" ">
    <subfield code="a">no 90024980 </subfield>
  </datafield>
  <datafield tag="040" ind1=" " ind2=" ">
    <subfield code="a">DGPO</subfield>
    <subfield code="c">DGPO</subfield>
  </datafield>
  <datafield tag="100" ind1="1" ind2="0">
    <subfield code="a">Beam, Gail Chasey,</subfield>
    <subfield code="d">1944-</subfield>
  </datafield>
  <datafield tag="670" ind1=" " ind2=" ">
    <subfield code="a">Making integration work, a guide to integrating handicapped and nonhandicapped preschool children, 1985:</subfield>
    <subfield code="b">t.p. (Gail Chasey Beam) doc. resume (Albuquerque Special Preschool, NM)</subfield>
  </datafield>
  <datafield tag="670" ind1=" " ind2=" ">
    <subfield code="a">OCLC 7903916:</subfield>
    <subfield code="b">(Beam, Gail Chasey, 1944- )</subfield>
  </datafield>
</record>